@misc{soumu,
author = {総務省},
title = {令和元年通信利用動向調査の結果},
howpublished = {\url{入手先<https://www.soumu.go.jp/johotsusintokei/statistics/data/200529_1.pdf>}},
month = {},
year = {},
note = {参照(2020-12-11)}
}